@article{Blazejczyk2012UTCIcomparison,
   author = {Blazejczyk, Krzysztof and Epstein, Yoram and Jendritzky, Gerd and Staiger, Henning and Tinz, Birger},
   title = {Comparison of UTCI to selected thermal indices},
   journal = {International Journal of Biometeorology},
   volume = {56},
   number = {3},
   pages = {515-535},
   DOI = {10.1007/s00484-011-0453-2},
   url = {https://doi.org/10.1007/s00484-011-0453-2},
   year = {2012},
   type = {Journal Article}
}


@article{buzan2015heatstress,
   author = {Buzan, J. R. and Oleson, K. and Huber, M.},
   title = {Implementation and comparison of a suite of heat stress metrics within the Community Land Model version 4.5},
   journal = {Geoscientific Model Development},
   volume = {8},
   number = {2},
   pages = {151-170},
   note = {GMD},
   ISSN = {1991-9603},
   DOI = {10.5194/gmd-8-151-2015},
   url = {https://gmd.copernicus.org/articles/8/151/2015/},
   year = {2015},
   type = {Journal Article}
}

@article{kong2022wbgtapproxissues,
   author = {Kong, Qinqin and Huber, Matthew},
   title = {Explicit Calculations of Wet‚ÄêBulb Globe Temperature Compared With Approximations and Why It Matters for Labor Productivity},
   journal = {Earth's Future},
   volume = {10},
   number = {3},
   pages = {e2021EF002334},
   DOI = {10.1029/2021ef002334},
   url = {https://agupubs.onlinelibrary.wiley.com/doi/abs/10.1029/2021EF002334},
   year = {2022},
   type = {Journal Article}
}

@article{qiu2024swbgtbias,
   author = {Qiu, Liying and Zhu, Ziwei and Zhou, Zixuan and Im, Eun-Soon and Min, Seung-Ki and Kim, Yeon-Hee and Kim, Yujin and Cha, Dong-Hyun and Ahn, Joong-Bae and Byun, Young-Hwa},
   title = {Amplification of the discrepancy between simplified and physics-based wet-bulb globe temperatures in a warmer climate},
   journal = {Weather and Climate Extremes},
   volume = {44},
   pages = {100677},
   DOI = {10.1016/j.wace.2024.100677},
   url = {https://www.sciencedirect.com/science/article/pii/S2212094724000380},
   year = {2024},
   type = {Journal Article}
}


@article{zhao2015heatstresscmip5,
   author = {Zhao, Y. and Ducharne, A. and Sultan, B. and Braconnot, P. and Vautard, R.},
   title = {Estimating heat stress from climate-based indicators: present-day biases and future spreads in the CMIP5 global climate model ensemble},
   journal = {Environmental Research Letters},
   volume = {10},
   number = {8},
   pages = {084013},
   DOI = {10.1088/1748-9326/10/8/084013},
   url = {https://dx.doi.org/10.1088/1748-9326/10/8/084013},
   year = {2015},
   type = {Journal Article}
}

