@article{kendon2021ukcpscienceupdate,
   author = {Kendon, E. J. and Short, C. and Pope, J. and Chan, S. and Wilkinson, J. and Tucker, S. and Bett, P. and Harris, G.},
   title = {Update to UKCP Local (2.2km) projections},
   url = {https://www.metoffice.gov.uk/pub/data/weather/uk/ukcp18/science-reports/ukcp18_local_update_report_2021.pdf},
   year = {2021},
   type = {Journal Article}
}

@article{murphy2018ukcp18land,
   author = {Murphy, JM and Harris, GR and Sexton, DMH and Kendon, EJ and Bett, PE and Clark, RT and Eagle, KE and Fosser, G and Fung, F and Lowe, JA},
   title = {UKCP18 land projections: science report},
   url = {https://www.metoffice.gov.uk/pub/data/weather/uk/ukcp18/science-reports/UKCP18-Land-report.pdf},
   year = {2018},
   type = {Journal Article}
}

@article{donat2016precipextreme,
   author = {Donat, Markus G. and Lowry, Andrew L. and Alexander, Lisa V. and O'Gorman, Paul A. and Maher, Nicola},
   title = {More extreme precipitation in the world's dry and wet regions},
   journal = {Nature Climate Change},
   volume = {6},
   pages = {508-513},
   DOI = {10.1038/nclimate2941},
   year = {2016},
   type = {Journal Article}
}

@article{gutierrez2019sdcomparison,
   author = {Gutiérrez, J. M. and Maraun, D. and Widmann, M. and Huth, R. and Hertig, E. and Benestad, R. and Roessler, O. and Wibig, J. and Wilcke, R. and Kotlarski, S. and San Martín, D. and Herrera, S. and Bedia, J. and Casanueva, A. and Manzanas, R. and Iturbide, M. and Vrac, M. and Dubrovsky, M. and Ribalaygua, J. and Pórtoles, J. and Räty, O. and Räisänen, J. and Hingray, B. and Raynaud, D. and Casado, M. J. and Ramos, P. and Zerenner, T. and Turco, M. and Bosshard, T. and Štěpánek, P. and Bartholy, J. and Pongracz, R. and Keller, D. E. and Fischer, A. M. and Cardoso, R. M. and Soares, P. M. M. and Czernecki, B. and Pagé, C.},
   title = {An intercomparison of a large ensemble of statistical downscaling methods over Europe: Results from the VALUE perfect predictor cross-validation experiment},
   journal = {International Journal of Climatology},
   volume = {39},
   number = {9},
   pages = {3750-3785},
   DOI = {10.1002/joc.5462},
   year = {2019},
   type = {Journal Article}
}

@article{maraun2019sddownscaling,
   author = {Maraun, D. and Widmann, M. and Gutierrez, J. M.},
   title = {Statistical downscaling skill under present climate conditions: A synthesis of the VALUE perfect predictor experiment},
   journal = {International Journal of Climatology},
   volume = {39},
   number = {9},
   pages = {3692-3703},
   DOI = {10.1002/joc.5877},
   year = {2019},
   type = {Journal Article}
}

@article{vandal2018mldownscaling,
   author = {Vandal, Thomas and Kodra, Evan and Ganguly, Auroop R.},
   title = {Intercomparison of machine learning methods for statistical downscaling: the case of daily and extreme precipitation},
   journal = {Theoretical and Applied Climatology},
   volume = {137},
   number = {1-2},
   pages = {557-570},
   DOI = {10.1007/s00704-018-2613-3},
   year = {2018},
   type = {Journal Article}
}

@article{walton2015hybriddownscaling,
   author = {Walton, D. B. and Sun, F. P. and Hall, A. and Capps, S.},
   title = {A Hybrid Dynamical-Statistical Downscaling Technique. Part I: Development and Validation of the Technique},
   journal = {Journal of Climate},
   volume = {28},
   number = {12},
   pages = {4597-4617},
   DOI = {10.1175/Jcli-D-14-00196.1},
   year = {2015},
   type = {Journal Article}
}

@article{fowler2007downscaling4hydrology,
   author = {Fowler, H. J. and Blenkinsop, S. and Tebaldi, C.},
   title = {Linking climate change modelling to impacts studies: recent advances in downscaling techniques for hydrological modelling},
   journal = {International Journal of Climatology},
   volume = {27},
   number = {12},
   pages = {1547-1578},
   DOI = {10.1002/joc.1556},
   year = {2007},
   type = {Journal Article}
}

@article{burger2012extrememetrics,
   author = {Bürger, G. and Murdock, T. Q. and Werner, A. T. and Sobie, S. R. and Cannon, A. J.},
   title = {Downscaling Extremes—An Intercomparison of Multiple Statistical Methods for Present Climate},
   journal = {Journal of Climate},
   volume = {25},
   number = {12},
   pages = {4366-4388},
   ISSN = {0894-8755
1520-0442},
   DOI = {10.1175/jcli-d-11-00408.1},
   year = {2012},
   type = {Journal Article}
}

@article{chan2018precippredictors,
   author = {Chan, S. C. and Kendon, E. J. and Roberts, N. and Blenkinsop, S. and Fowler, H. J.},
   title = {Large-Scale Predictors for Extreme Hourly Precipitation Events in Convection-Permitting Climate Simulations},
   journal = {Journal of Climate},
   volume = {31},
   number = {6},
   pages = {2115-2131},
   ISSN = {0894-8755},
   DOI = {10.1175/Jcli-D-17-0404.1},
   year = {2018},
   type = {Journal Article}
}

@article{christensen2010biasinrcms,
   author = {Christensen, J. H. and Boberg, F. and Christensen, O. B. and Lucas-Picher, P.},
   title = {On the need for bias correction of regional climate change projections of temperature and precipitation},
   journal = {Geophysical Research Letters},
   volume = {35},
   number = {20},
   ISSN = {0094-8276},
   DOI = {10.1029/2008gl035694},
   year = {2008},
   type = {Journal Article}
}

@article{sharma2018precipfloodextremes,
   author = {Sharma, Ashish and Wasko, Conrad and Lettenmaier, Dennis P.},
   title = {If Precipitation Extremes Are Increasing, Why Aren't Floods?},
   journal = {Water Resources Research},
   volume = {54},
   number = {11},
   pages = {8545-8551},
   ISSN = {0043-1397},
   DOI = {10.1029/2018wr023749},
   year = {2018},
   type = {Journal Article}
}

@article{hausfather2020rcp85misleading,
   author = {Hausfather, Z. and Peters, G. P.},
   title = {Emissions - the 'business as usual' story is misleading},
   journal = {Nature},
   volume = {577},
   number = {7792},
   pages = {618-620},
   ISSN = {1476-4687 (Electronic)
0028-0836 (Linking)},
   DOI = {10.1038/d41586-020-00177-3},
   year = {2020},
   type = {Journal Article}
}

@article{tapiador2020rcmreview,
   author = {Tapiador, Francisco J. and Navarro, Andrés and Moreno, Raúl and Sánchez, José Luis and García-Ortega, Eduardo},
   title = {Regional climate models: 30 years of dynamical downscaling},
   journal = {Atmospheric Research},
   volume = {235},
   pages = {104785},
   ISSN = {01698095},
   DOI = {10.1016/j.atmosres.2019.104785},
   year = {2020},
   type = {Journal Article}
}

@article{rasp2018dlsubgridclimmodel,
   author = {Rasp, S. and Pritchard, M. S. and Gentine, P.},
   title = {Deep learning to represent subgrid processes in climate models},
   journal = {Proc Natl Acad Sci U S A},
   volume = {115},
   number = {39},
   pages = {9684-9689},
   ISSN = {1091-6490 (Electronic)
0027-8424 (Linking)},
   DOI = {10.1073/pnas.1810286115},
   year = {2018},
   type = {Journal Article}
}

@article{gentine2018mlsuperparam,
   author = {Gentine, P. and Pritchard, M. and Rasp, S. and Reinaudi, G. and Yacalis, G.},
   title = {Could Machine Learning Break the Convection Parameterization Deadlock?},
   journal = {Geophysical Research Letters},
   volume = {45},
   number = {11},
   pages = {5742-5751},
   ISSN = {0094-8276
1944-8007},
   DOI = {10.1029/2018gl078202},
   year = {2018},
   type = {Journal Article}
}

@article{christensen2008rcmbiascorrection,
   author = {Christensen, J. H. and Boberg, F. and Christensen, O. B. and Lucas-Picher, P.},
   title = {On the need for bias correction of regional climate change projections of temperature and precipitation},
   journal = {Geophysical Research Letters},
   volume = {35},
   number = {20},
   ISSN = {0094-8276},
   DOI = {Artn L20709
10.1029/2008gl035694},
   year = {2008},
   type = {Journal Article}
}


@article{walker2021videovqvae,
   author = {Walker, Jacob and Razavi, Ali and Oord, Aaron van den},
   title = {Predicting Video with VQVAE},
   year = {2021},
   type = {Journal Article},
   DOI = {arxiv:2103.01950}
}

@article{Leinonen2020GANsd,
   author = {Leinonen, Jussi and Nerini, Daniele and Berne, Alexis},
   title = {Stochastic Super-Resolution for Downscaling Time-Evolving Atmospheric Fields With a Generative Adversarial Network},
   journal = {IEEE Transactions on Geoscience and Remote Sensing},
   pages = {1–13},
   year = {2020},
   type = {Journal Article}
}

@article{grover2018flowgan,
   author = {Grover, A. and Dhar, M. and Ermon, S.},
   title = {Flow-GAN: Combining Maximum Likelihood and Adversarial Learning in Generative Models},
   journal = {Thirty-Second Aaai Conference on Artificial Intelligence / Thirtieth Innovative Applications of Artificial Intelligence Conference / Eighth Aaai Symposium on Educational Advances in Artificial Intelligence},
   volume = {32},
   number = {1},
   pages = {3069-3076},
   year = {2018},
   type = {Journal Article}
}

@misc{karras2018progressive,
      title={{Progressive Growing of GANs for Improved Quality, Stability, and Variation}},
      author={Tero Karras and Timo Aila and Samuli Laine and Jaakko Lehtinen},
      year={2018},
      eprint={1710.10196},
      archivePrefix={arXiv},
      primaryClass={cs.NE}
}

@inproceedings{vandenoord2016pixelrnn,
   author = {Van Den Oord, Aäron and Kalchbrenner, Nal and Kavukcuoglu, Koray},
   title = {Pixel recurrent neural networks},
   booktitle = {33rd International Conference on Machine Learning, ICML 2016},
   volume = {4},
   pages = {2611-2620},
   year = {2016},
   type = {Conference Proceedings}
}

@inproceedings{vandenoord2016pixelcnn,
   author = {van den Oord, Aaron and Kalchbrenner, Nal and Espeholt, Lasse and kavukcuoglu, koray and Vinyals, Oriol and Graves, Alex},
   title = {Conditional Image Generation with PixelCNN Decoders},
   booktitle = {Advances in Neural Information Processing Systems},
   editor = {Lee, D. and Sugiyama, M. and Luxburg, U. and Guyon, I. and Garnett, R.},
   publisher = {Curran Associates, Inc.},
   volume = {29},
   type = {Conference Proceedings}
}

@inproceedings{reed2017pixelcnnfastersampling,
   author = {Reed, Scott and Oord, Aäron and Kalchbrenner, Nal and Colmenarejo, Sergio Gómez and Wang, Ziyu and Chen, Yutian and Belov, Dan and Freitas, Nando},
   title = {Parallel Multiscale Autoregressive Density Estimation},
   booktitle = {Proceedings of the 34th International Conference on Machine Learning},
   editor = {Doina, Precup and Yee Whye, Teh},
   publisher = {PMLR},
   volume = {70},
   pages = {2912--2921},
   year = {2017},
   type = {Conference Proceedings}
}

@inproceedings{groenke2020climnf,
   author = {Groenke, Brian and Madaus, Luke and Monteleoni, Claire},
   title = {ClimAlign: Unsupervised statistical downscaling of climate variables via normalizing flows},
   booktitle = {Proceedings of the 10th International Conference on Climate Informatics},
   publisher = {Association for Computing Machinery},
   pages = {60–66},
   DOI = {10.1145/3429309.3429318},
   year = {2020},
   type = {Conference Proceedings}
}

@inproceedings{ho2019flowpp,
   author = {Ho, Jonathan and Chen, Xi and Srinivas, Aravind and Duan, Yan and Abbeel, Pieter},
   title = {Flow++: Improving Flow-Based Generative Models with Variational Dequantization and Architecture Design},
   booktitle = {Proceedings of the 36th International Conference on Machine Learning},
   editor = {Kamalika, Chaudhuri and Ruslan, Salakhutdinov},
   publisher = {PMLR},
   volume = {97},
   pages = {2722--2730},
   year = {2019},
   type = {Conference Proceedings}
}


@article{Papamakarios2021review,
   author = {Papamakarios, George and Nalisnick, Eric and Rezende, Danilo Jimenez and Mohamed, Shakir and Lakshminarayanan, Balaji},
   title = {Normalizing Flows for Probabilistic Modeling and Inference},
   journal = {Journal of Machine Learning Research},
   volume = {22},
   number = {57},
   pages = {1-64},
   ISSN = {1533-7928},
   year = {2021},
   type = {Journal Article}
}

@article{ravuri2021deepgenprecip,
   author = {Ravuri, S. and Lenc, K. and Willson, M. and Kangin, D. and Lam, R. and Mirowski, P. and Fitzsimons, M. and Athanassiadou, M. and Kashem, S. and Madge, S. and Prudden, R. and Mandhane, A. and Clark, A. and Brock, A. and Simonyan, K. and Hadsell, R. and Robinson, N. and Clancy, E. and Arribas, A. and Mohamed, S.},
   title = {Skilful precipitation nowcasting using deep generative models of radar},
   journal = {Nature},
   volume = {597},
   number = {7878},
   pages = {672-677},
   DOI = {10.1038/s41586-021-03854-z},
   year = {2021},
   type = {Journal Article}
}

@article{agrawal2019unetforprecip,
   author = {Agrawal, Shreya and Barrington, Luke and Bromberg, Carla and Burge, John and Gazen, Cenk and Hickey, Jason},
   title = {Machine Learning for Precipitation Nowcasting from Radar Images},
   DOI = {arxiv:1912.12132},
   year = {2019},
   type = {Journal Article}
}

@article{ayzel2020rainnet,
   author = {Ayzel, Georgy and Scheffer, Tobias and Heistermann, Maik},
   title = {RainNet v1.0: a convolutional neural network for radar-based precipitation nowcasting},
   journal = {Geoscientific Model Development},
   volume = {13},
   number = {6},
   pages = {2631-2644},
   ISSN = {1991-9603},
   DOI = {10.5194/gmd-13-2631-2020},
   year = {2020},
   type = {Journal Article}
}

@article{Ronneberger2015unet,
   author = {Ronneberger, O. and Fischer, P. and Brox, T.},
   title = {U-Net: Convolutional Networks for Biomedical Image Segmentation},
   journal = {Medical Image Computing and Computer-Assisted Intervention, Pt Iii},
   volume = {9351},
   pages = {234-241},
   ISSN = {0302-9743},
   DOI = {10.1007/978-3-319-24574-4_28},
   year = {2015},
   type = {Journal Article}
}

@article{kingma2014vaeorigin,
   author = {Kingma, Diederik P and Welling, Max},
   title = {Auto-Encoding Variational Bayes},
   year = {2014},
   type = {Journal Article}
}

@article{kingma2019vaereview,
   author = {Kingma, D. P. and Welling, M.},
   title = {An Introduction to Variational Autoencoders},
   journal = {Foundations and Trends in Machine Learning},
   volume = {12},
   number = {4},
   pages = {4-89},
   ISSN = {1935-8237},
   DOI = {10.1561/2200000056},
   year = {2019},
   type = {Journal Article}
}

@article{creswell2018ganreview,
   author = {Creswell, A. and White, T. and Dumoulin, V. and Arulkumaran, K. and Sengupta, B. and Bharath, A. A.},
   title = {Generative Adversarial Networks An overview},
   journal = {Ieee Signal Processing Magazine},
   volume = {35},
   number = {1},
   pages = {53-65},
   ISSN = {1053-5888},
   DOI = {10.1109/Msp.2017.2765202},
   year = {2018},
   type = {Journal Article}
}

@article{Kobyzev2020nfreview,
   author = {Kobyzev, I. and Prince, S. and Brubaker, M.},
   title = {Normalizing Flows: An Introduction and Review of Current Methods},
   journal = {IEEE Trans Pattern Anal Mach Intell},
   volume = {PP},
   ISSN = {1939-3539 (Electronic)
0098-5589 (Linking)},
   DOI = {10.1109/TPAMI.2020.2992934},
   year = {2020},
   type = {Journal Article}
}

@inproceedings{rezende2014vaebackprop,
   author = {Rezende, Danilo Jimenez and Mohamed, Shakir and Wierstra, Daan},
   title = {Stochastic Backpropagation and Approximate Inference in Deep Generative Models},
   booktitle = {Proceedings of the 31st International Conference on Machine Learning},
   editor = {Eric, P. Xing and Tony, Jebara},
   publisher = {PMLR},
   volume = {32},
   pages = {1278--1286},
   type = {Conference Proceedings},
   year = {2014}
}

@inproceedings{gregor2016vaeimagedrawcompression,
   author = {Gregor, Karol and Besse, Frederic and Jimenez Rezende, Danilo and Danihelka, Ivo and Wierstra, Daan},
   title = {Towards Conceptual Compression},
   booktitle = {Advances in Neural Information Processing Systems},
   editor = {Lee, D. and Sugiyama, M. and Luxburg, U. and Guyon, I. and Garnett, R.},
   publisher = {Curran Associates, Inc.},
   volume = {29},
   year = {2016},
   type = {Conference Proceedings}
}

@inproceedings{gulrajani2017pixelvae,
   author = {Gulrajani, Ishaan and Kumar, Kundan and Ahmed, Faruk and Taïga, Adrien Ali and Visin, Francesco and Vázquez, David and Courville, Aaron C.},
   title = {PixelVAE: A Latent Variable Model for Natural Images},
   booktitle = {International Conference on Learning Representation},
   year = {2017},
   type = {Conference Proceedings}
}

@inproceedings{kulkarni2015dcign,
   author = {Kulkarni, Tejas D. and Whitney, William F. and Kohli, Pushmeet and Tenenbaum, Josh},
   title = {Deep Convolutional Inverse Graphics Network},
   booktitle = {Advances in Neural Information Processing Systems},
   editor = {Cortes, C. and Lawrence, N. and Lee, D. and Sugiyama, M. and Garnett, R.},
   publisher = {Curran Associates, Inc.},
   volume = {28},
   year = {2015},
   type = {Conference Proceedings}
}

@article{white2016vaelatentmanip,
   author = {White, Tom},
   title = {Sampling Generative Networks},
   journal = {arXiv preprint},
   DOI = {arXiv:1609.04468},
   year = {2016},
   type = {Journal Article}
}

@inproceedings{larsen2016vaegan,
   author = {Larsen, Anders Boesen Lindbo and Sønderby, Søren Kaae and Larochelle, Hugo and Winther, Ole},
   title = {Autoencoding beyond pixels using a learned similarity metric},
   booktitle = {Proceedings of The 33rd International Conference on Machine Learning},
   editor = {Maria Florina, Balcan and Kilian, Q. Weinberger},
   publisher = {PMLR},
   volume = {48},
   pages = {1558--1566},
   year = {2016},
   type = {Conference Proceedings}
}

@article{liu2021srvae,
   author = {Liu, Zhi-Song and Siu, Wan-Chi and Chan, Yui-Lam},
   title = {Photo-Realistic Image Super-Resolution via Variational Autoencoders},
   journal = {IEEE Transactions on Circuits and Systems for Video Technology},
   volume = {31},
   number = {4},
   pages = {1351-1365},
   ISSN = {1051-8215
1558-2205},
   DOI = {10.1109/tcsvt.2020.3003832},
   year = {2021},
   type = {Journal Article}
}

@inproceedings{sohn2015conditionalvae,
   author = {Sohn, Kihyuk and Lee, Honglak and Yan, Xinchen},
   title = {Learning Structured Output Representation using Deep Conditional Generative Models},
   booktitle = {Advances in Neural Information Processing Systems},
   editor = {Cortes, C. and Lawrence, N. and Lee, D. and Sugiyama, M. and Garnett, R.},
   publisher = {Curran Associates, Inc.},
   volume = {28},
   year = {2015},
   type = {Conference Proceedings}
}

@article{nelder1972glm,
author = {Nelder, J. A. and Wedderburn, R. W. M.},
title = {Generalized Linear Models},
journal = {Journal of the Royal Statistical Society: Series A (General)},
volume = {135},
number = {3},
pages = {370-384},
keywords = {analysis of variance, contingency tables, exponential families, inverse polynomials, linear models, maximum likelihood, quantal response, regression, variance components, weighted least squares},
doi = {10.2307/2344614},
year = {1972}
}

@inproceedings{sohldickstein2015difforigin,
   author = {Sohl-Dickstein, Jascha and Weiss, Eric and Maheswaranathan, Niru and Ganguli, Surya},
   title = {Deep unsupervised learning using nonequilibrium thermodynamics},
   booktitle = {International conference on machine learning},
   publisher = {PMLR},
   pages = {2256-2265},
   year= {2015},
   type = {Conference Proceedings}
}

@inproceedings{song2021sbgmsde,
   author = {Song, Y. and Sohl-Dickstein, Jascha and Diederik and Kumar, Abhishek and Ermon, Stefano and Poole, Ben},
   title = {Score-Based Generative Modeling through Stochastic Differential Equations},
   booktitle = {ICLR},
   DOI = {arxiv:2011.13456},
   type = {Conference Proceedings},
   year = {2021}
}

@inproceedings{dharwial2021diffbeatsgans,
   author = {Dhariwal, Prafulla and Nichol, Alexander},
   title = {Diffusion models beat GANs on image synthesis},
   booktitle = {Advances in Neural Information Processing Systems},
   volume = {34},
   url = {https://proceedings.neurips.cc/paper/2021/file/49ad23d1ec9fa4bd8d77d02681df5cfa-Paper.pdf},
   year = {2021},
   type = {Conference Proceedings}
}

@inproceedings{ho2020ddpm,
   author = {Ho, Jonathan and Jain, Ajay and Abbeel, Pieter},
   title = {Denoising diffusion probabilistic models},
   booktitle = {Advances in Neural Information Processing Systems},
   volume = {33},
   pages = {6840-6851},
   url = {https://proceedings.neurips.cc/paper/2020/hash/4c5bcfec8584af0d967f1ab10179ca4b-Abstract.html},
   type = {Conference Proceedings},
   year = {2020}
}

@inproceedings{song2019smld,
   author = {Song, Yang and Ermon, Stefano},
   title = {Generative modeling by estimating gradients of the data distribution},
   booktitle = {Advances in Neural Information Processing Systems},
   volume = {32},
   url = {https://proceedings.neurips.cc/paper/2019/hash/3001ef257407d5a371a96dcd947c7d93-Abstract.html},
   type = {Conference Proceedings}
}

@article{Wilks2013,
   author = {Wilks, D. S.},
   title = {"THE STIPPLING SHOWS STATISTICALLY SIGNIFICANT GRID POINTS" How Research Results are Routinely Overstated and Overinterpreted, and What to Do about It},
   journal = {Bulletin of the American Meteorological Society},
   volume = {97},
   number = {12},
   pages = {2263-+},
   DOI = {10.1175/Bams-D-15-00267.1},
   year = {2016},
   type = {Journal Article}
}

@inproceedings{goodfellow2014gans,
   author = {Goodfellow, Ian J. and Pouget-Abadie, Jean and Mirza, Mehdi and Xu, Bing and Warde-Farley, David and Ozair, Sherjil and Courville, Aaron and Bengio, Yoshua},
   title = {Generative adversarial nets},
   booktitle = {Proceedings of the 27th International Conference on Neural Information Processing Systems - Volume 2},
   publisher = {MIT Press},
   pages = {2672–2680},
   year = {2014},
   type = {Conference Proceedings}
}

@dataset{ukcp18local,
    author = {{Met Office Hadley Centre}},
    year = {2019},
    publisher = {Centre for Environmental Data Analysis},
    title = {{UKCP18 Local Projections at 2.2km Resolution for 1980-2080}},
    url = {https://catalogue.ceda.ac.uk/uuid/d5822183143c4011a2bb304ee7c0baf7},
    urldate = {2021-06-09}
}

@dataset{ukcp18global,
    author = {{Met Office Hadley Centre}},
    year = {2018},
    publisher = {Centre for Environmental Data Analysis},
    title = {{UKCP18 Global Projections at 60km Resolution for 1900-2100}},
    url = {https://catalogue.ceda.ac.uk/uuid/97bc0c622a24489aa105f5b8a8efa3f0},
    urldate = {2021-06-09}
}

@techreport{metoffice2018rcpguidance,
title = {{UKCP18 Guidance: Representative Concentration Pathways}},
author = {{Met Office Hadley Centre}},
url = {https://www.metoffice.gov.uk/binaries/content/assets/metofficegovuk/pdf/research/ukcp/ukcp18-guidance---representative-concentration-pathways.pdf},
year = {2018}
}


@article{doury2023RCMemulator,
   author = {Doury, Antoine and Somot, Samuel and Gadat, Sebastien and Ribes, Aurélien and Corre, Lola},
   title = {Regional climate model emulator based on deep learning: concept and first evaluation of a novel hybrid downscaling approach},
   journal = {Climate Dynamics},
   volume = {60},
   number = {5-6},
   pages = {1751-1779},
   ISSN = {0930-7575
1432-0894},
   DOI = {10.1007/s00382-022-06343-9},
   url = {https://doi.org/10.1007/s00382-022-06343-9},
   year = {2023},
   type = {Journal Article}
}

@article{doury2024precipemulatorpreprint,
    author = {Doury, Antoine and Somot, Samuel and Gadat, Sébastien},
    title = {On the suitability of a Convolutional Neural Network based RCM-Emulator for fine spatio-temporal precipitation},
    journal = {Climate Dynamics},
    year = {2024},
    url = {https://doi.org/10.21203/rs.3.rs-3802128/v1}
}

@article{Widmann2019sptialvariability,
   author = {Widmann, M. and Bedia, J. and Gutierrez, J. M. and Bosshard, T. and Hertig, E. and Maraun, D. and Casado, M. J. and Ramos, P. and Cardoso, R. M. and Soares, P. M. M. and Ribalaygua, J. and Page, C. and Fischer, A. M. and Herrera, S. and Huth, R.},
   title = {Validation of spatial variability in downscaling results from the VALUE perfect predictor experiment},
   journal = {International Journal of Climatology},
   volume = {39},
   number = {9},
   pages = {3819-3845},
   DOI = {10.1002/joc.6024},
   year = {2019},
   type = {Journal Article}
}


@article{Harris2022cgandownscaling,
   author = {Harris, L. and McRae, A. T. T. and Chantry, M. and Dueben, P. D. and Palmer, T. N.},
   title = {A Generative Deep Learning Approach to Stochastic Downscaling of Precipitation Forecasts},
   journal = {J Adv Model Earth Syst},
   volume = {14},
   number = {10},
   pages = {e2022MS003120},
   DOI = {10.1029/2022MS003120},
   url = {https://www.ncbi.nlm.nih.gov/pubmed/36590321},
   year = {2022},
   type = {Journal Article}
}

@article{Vosper2023cgandownscalingcyclones,
   author = {Vosper, E. and Watson, P. and Harris, L. and McRae, A. and Santos-Rodriguez, R. and Aitchison, L. and Mitchell, D.},
   title = {Deep Learning for Downscaling Tropical Cyclone Rainfall to Hazard-Relevant Spatial Scales},
   journal = {Journal of Geophysical Research-Atmospheres},
   volume = {128},
   number = {10},
   pages = {e2022JD038163},
   DOI = {10.1029/2022JD038163},
   year = {2023},
   type = {Journal Article}
}

@article{scahller2020resolutionrole,
   author = {Schaller, N. and Sillmann, J. and Muller, M. and Haarsma, R. and Hazeleger, W. and Hegdahl, T. J. and Kelder, T. and van den Oord, G. and Weerts, A. and Whan, K.},
   title = {The role of spatial and temporal model resolution in a flood event storyline approach in western Norway},
   journal = {Weather and Climate Extremes},
   volume = {29},
   pages = {100259},
   DOI = {10.1016/j.wace.2020.100259},
   year = {2020},
   type = {Journal Article}
}

@article{leutbecher2008ensembleforecasting,
   author = {Leutbecher, M. and Palmer, T. N.},
   title = {Ensemble forecasting},
   journal = {Journal of Computational Physics},
   volume = {227},
   number = {7},
   pages = {3515-3539},
   DOI = {10.1016/j.jcp.2007.02.014},
   url = {https://www.sciencedirect.com/science/article/pii/S0021999107000812},
   year = {2008},
   type = {Journal Article}
}

@article{haynes2023uncertainty,
   author = {Haynes, Katherine and Lagerquist, Ryan and McGraw, Marie and Musgrave, Kate and Ebert-Uphoff, Imme},
   title = {Creating and Evaluating Uncertainty Estimates with Neural Networks for Environmental-Science Applications},
   journal = {Artificial Intelligence for the Earth Systems},
   volume = {2},
   number = {2},
   pages = {220061},
   ISSN = {2769-7525},
   DOI = {10.1175/aies-d-22-0061.1},
   url = {https://journals.ametsoc.org/view/journals/aies/2/2/AIES-D-22-0061.1.xml},
   year = {2023},
   type = {Journal Article}
}

@article{archer2024CPMflooding,
   author = {Archer, L. and Hatchard, S. and Devitt, L. and Neal, J. C. and Coxon, G. and Bates, P. D. and Kendon, E. J. and Savage, J.},
   title = {Future Change in Urban Flooding Using New Convection-Permitting Climate Projections},
   journal = {Water Resources Research},
   volume = {60},
   number = {1},
   pages = {e2023WR035533},
   DOI = {https://doi.org/10.1029/2023WR035533},
   url = {https://agupubs.onlinelibrary.wiley.com/doi/abs/10.1029/2023WR035533},
   year = {2024},
   type = {Journal Article}
}

@misc{sobolowski2023EUROCORDEXdesign,
  author       = {Sobolowski, Stefan and
                  Somot, Samuel and
                  Fernandez, Jesus and
                  Evin, Guillaume and
                  Maraun, Douglas and
                  Kotlarski, Sven and
                  Jury, Martin and
                  Benestad, Rasmus E. and
                  Teichmann, Claas and
                  Christensen, Ole B. and
                  Katharina, Bülow and
                  Buonomo, Erasmo and
                  Katragkou, Eleni and
                  Steger, Christian and
                  Sørland, Silje and
                  Nikulin, Grigory and
                  McSweeney, Carol and
                  Dobler, Andreas and
                  Palmer, Tamzin and
                  Wilke, Renate and
                  Boé, Julien and
                  Brunner, Lukas and
                  Ribes, Aurélien and
                  Qasmi, Said and
                  Nabat, Pierre and
                  Sevault, Florence and
                  Oudar, Thomas and
                  Brands, Swen},
  title        = {{EURO-CORDEX CMIP6 GCM Selection \& Ensemble Design:
                   Best Practices and Recommendations}},
  month        = feb,
  year         = 2023,
  publisher    = {Zenodo},
  doi          = {10.5281/zenodo.7673400},
  url          = {https://doi.org/10.5281/zenodo.7673400}
}

@article{maher2021largeensembles,
   author = {Maher, Nicola and Milinski, Sebastian and Ludwig, Ralf},
   title = {Large ensemble climate model simulations: introduction, overview, and future prospects for utilising multiple types of large ensemble},
   journal = {Earth System Dynamics},
   volume = {12},
   number = {2},
   pages = {401-418},
   ISSN = {2190-4987},
   year = {2021},
   type = {Journal Article}
}

@article{leach2022extremesamplegeneration,
   author = {Leach, Nicholas J. and Watson, Peter A. G. and Sparrow, Sarah N. and Wallom, David C. H. and Sexton, David M. H.},
   title = {Generating samples of extreme winters to support climate adaptation},
   journal = {Weather and Climate Extremes},
   volume = {36},
   pages = {100419},
   ISSN = {22120947},
   DOI = {10.1016/j.wace.2022.100419},
   url = {https://www.sciencedirect.com/science/article/pii/S2212094722000111},
   year = {2022},
   type = {Journal Article}
}

@article{eyring2016CMIP6,
   author = {Eyring, Veronika and Bony, Sandrine and Meehl, Gerald A. and Senior, Catherine A. and Stevens, Bjorn and Stouffer, Ronald J. and Taylor, Karl E.},
   title = {Overview of the Coupled Model Intercomparison Project Phase 6 (CMIP6) experimental design and organization},
   journal = {Geoscientific Model Development},
   volume = {9},
   number = {5},
   pages = {1937-1958},
   note = {GMD},
   ISSN = {1991-9603},
   DOI = {10.5194/gmd-9-1937-2016},
   url = {https://gmd.copernicus.org/articles/9/1937/2016/},
   year = {2016},
   type = {Journal Article}
}

@article{bates2023ukfloodingrisk,
   author = {Bates, Paul D. and Savage, James and Wing, Oliver and Quinn, Niall and Sampson, Christopher and Neal, Jeffrey and Smith, Andrew},
   title = {A climate-conditioned catastrophe risk model for UK flooding},
   journal = {Natural Hazards and Earth System Sciences},
   volume = {23},
   number = {2},
   pages = {891-908},
   note = {NHESS},
   ISSN = {1684-9981},
   DOI = {10.5194/nhess-23-891-2023},
   url = {https://nhess.copernicus.org/articles/23/891/2023/},
   year = {2023},
   type = {Journal Article}
}

@article{watson2022mlextremes,
   author = {Watson, Peter A. G.},
   title = {Machine learning applications for weather and climate need greater focus on extremes},
   journal = {Environmental Research Letters},
   volume = {17},
   number = {11},
   pages = {111004},
   ISSN = {1748-9326},
   DOI = {10.1088/1748-9326/ac9d4e},
   url = {https://dx.doi.org/10.1088/1748-9326/ac9d4e},
   year = {2022},
   type = {Journal Article}
}

@book{maraun2018downscalingbook,
   author = {Maraun, Douglas and Widmann, Martin},
   title = {Statistical downscaling and bias correction for climate research},
   publisher = {Cambridge University Press},
   ISBN = {1108340644},
   year = {2018},
   type = {Book}
}

@article{schoof2013downscalingclimatology,
   author = {Schoof, Justin T.},
   title = {Statistical Downscaling in Climatology},
   journal = {Geography Compass},
   volume = {7},
   number = {4},
   pages = {249-265},
   ISSN = {1749-8198
1749-8198},
   DOI = {10.1111/gec3.12036},
   url = {https://compass.onlinelibrary.wiley.com/doi/abs/10.1111/gec3.12036},
   year = {2013},
   type = {Journal Article}
}

@article{maraun2017climchangesimbiascorrection,
   author = {Maraun, Douglas and Shepherd, Theodore G. and Widmann, Martin and Zappa, Giuseppe and Walton, Daniel and Gutiérrez, José M. and Hagemann, Stefan and Richter, Ingo and Soares, Pedro M. M. and Hall, Alex and Mearns, Linda O.},
   title = {Towards process-informed bias correction of climate change simulations},
   journal = {Nature Climate Change},
   volume = {7},
   number = {11},
   pages = {764-773},
   ISSN = {1758-678X},
   DOI = {10.1038/nclimate3418},
   year = {2017},
   type = {Journal Article}
}

@article{boe2022hybriddownscalingRCMemulator,
   author = {Boé, Julien and Mass, Alexandre and Deman, Juliette},
   title = {A simple hybrid statistical–dynamical downscaling method for emulating regional climate models over Western Europe. Evaluation, application, and role of added value?},
   journal = {Climate Dynamics},
   volume = {61},
   number = {1-2},
   pages = {271-294},
   ISSN = {0930-7575
1432-0894},
   DOI = {10.1007/s00382-022-06552-2},
   url = {https://doi.org/10.1007/s00382-022-06552-2},
   year = {2022},
   type = {Journal Article}
}

@article{wang2023dlforbiascorrectanddownscaling,
   author = {Wang, Fang and Tian, Di and Carroll, Mark},
   title = {Customized deep learning for precipitation bias correction and downscaling},
   journal = {Geoscientific Model Development},
   volume = {16},
   number = {2},
   pages = {535-556},
   note = {GMD},
   ISSN = {1991-9603},
   DOI = {10.5194/gmd-16-535-2023},
   url = {https://gmd.copernicus.org/articles/16/535/2023/},
   year = {2023},
   type = {Journal Article}
}

@article{mardani2023residualdiffkmscaledownscaling,
   author = {Mardani, Morteza and Brenowitz, Noah and Cohen, Yair and Pathak, Jaideep and Chen, Chieh-Yu and Liu, Cheng-Chin and Vahdat, Arash and Kashinath, Karthik and Kautz, Jan and Pritchard, Mike},
   title = {Residual Diffusion Modeling for Km-scale Atmospheric Downscaling},
   journal = {arXiv preprint arXiv:2309.15214},
   year = {2023},
   type = {Journal Article}
}


@inproceedings{addison2022neuripsccai,
  title={Machine learning emulation of a local-scale UK climate model},
  author={Addison, Henry and Kendon, E. J. and Ravuri, Suman and Aitchison, Laurence and Watson, Peter},
  booktitle={NeurIPS 2022 Workshop on Tackling Climate Change with Machine Learning},
  url={https://www.climatechange.ai/papers/neurips2022/21},
  year={2022}
}

@inproceedings{watson2023neuripsccaiextremes,
  title={Machine learning applications for weather and climate predictions need greater focus on extremes: 2023 update},
  author={Watson, Peter},
  booktitle={NeurIPS 2023 Workshop on Tackling Climate Change with Machine Learning},
  url={https://www.climatechange.ai/papers/neurips2023/29},
  year={2023}
}

@article{kendon2014heaviersummerrain,
   author = {Kendon, E. J. and Roberts, Nigel M. and Fowler, Hayley J. and Roberts, Malcolm J. and Chan, Steven C. and Senior, Catherine A.},
   title = {Heavier summer downpours with climate change revealed by weather forecast resolution model},
   journal = {Nature Climate Change},
   volume = {4},
   number = {7},
   pages = {570-576},
   ISSN = {1758-678X
1758-6798},
   DOI = {10.1038/nclimate2258},
   url = {https://doi.org/10.1038/nclimate2258},
   year = {2014},
   type = {Journal Article}
}

@article{schulz2021dlvsnumweather,
   author = {Schultz, M. G. and Betancourt, C. and Gong, B. and Kleinert, F. and Langguth, M. and Leufen, L. H. and Mozaffari, A. and Stadtler, S.},
   title = {Can deep learning beat numerical weather prediction?},
   journal = {Philosophical Transactions of the Royal Society A: Mathematical, Physical and Engineering Sciences},
   volume = {379},
   number = {2194},
   pages = {20200097},
   ISSN = {1364-503X},
   DOI = {10.1098/rsta.2020.0097},
   year = {2021},
   type = {Journal Article}
}

@book{stainforth2023climatefuture,
   author = {Stainforth, David},
   title = {Predicting Our Climate Future: What We Know, What We Don't Know, And What We Can't Know},
   publisher = {Oxford University Press},
   ISBN = {0192542311},
   year = {2023},
   type = {Book}
}

@article{watkiss2014ccadaptationsuporttoolsreview,
   author = {Watkiss, Paul and Hunt, Alistair and Blyth, William and Dyszynski, Jillian},
   title = {The use of new economic decision support tools for adaptation assessment: A review of methods and applications, towards guidance on applicability},
   journal = {Climatic Change},
   volume = {132},
   number = {3},
   pages = {401-416},
   ISSN = {1573-1480},
   DOI = {10.1007/s10584-014-1250-9},
   url = {https://doi.org/10.1007/s10584-014-1250-9},
   year = {2014},
   type = {Journal Article}
}


@article{kendon2023uklocaltrends,
   author = {Kendon, E. J. and Fischer, E. M. and Short, C. J.},
   title = {Variability conceals emerging trend in 100yr projections of UK local hourly rainfall extremes},
   journal = {Nat Commun},
   volume = {14},
   number = {1},
   pages = {1133},
   ISSN = {2041-1723 (Electronic)
2041-1723 (Linking)},
   DOI = {10.1038/s41467-023-36499-9},
   url = {https://www.ncbi.nlm.nih.gov/pubmed/36882408},
   year = {2023},
   type = {Journal Article}
}

@article{kendon2019cpmafrica,
   author = {Kendon, E. J. and Stratton, R. A. and Tucker, S. and Marsham, J. H. and Berthou, S. and Rowell, D. P. and Senior, C. A.},
   title = {Enhanced future changes in wet and dry extremes over Africa at convection-permitting scale},
   journal = {Nat Commun},
   volume = {10},
   number = {1},
   pages = {1794},
   ISSN = {2041-1723 (Electronic)
2041-1723 (Linking)},
   DOI = {10.1038/s41467-019-09776-9},
   url = {https://www.ncbi.nlm.nih.gov/pubmed/31015416},
   year = {2019},
   type = {Journal Article}
}

@article{chan2020cpmeurope,
   author = {Chan, S. C. and Kendon, E. J. and Berthou, S. and Fosser, G. and Lewis, E. and Fowler, H. J.},
   title = {Europe-wide precipitation projections at convection permitting scale with the Unified Model},
   journal = {Clim Dyn},
   volume = {55},
   number = {3},
   pages = {409-428},
   ISSN = {0930-7575 (Print)
1432-0894 (Electronic)
0930-7575 (Linking)},
   DOI = {10.1007/s00382-020-05192-8},
   url = {https://www.ncbi.nlm.nih.gov/pubmed/32713994},
   year = {2020},
   type = {Journal Article}
}

@article{kendon2012vhrrcmprecip,
   author = {Kendon, E. J. and Roberts, N. M. and Senior, C. A. and Roberts, M. J.},
   title = {Realism of Rainfall in a Very High-Resolution Regional Climate Model},
   journal = {Journal of Climate},
   volume = {25},
   number = {17},
   pages = {5791-5806},
   ISSN = {0894-8755},
   DOI = {10.1175/Jcli-D-11-00562.1},
   url = {<Go to ISI>://WOS:000308633500010},
   year = {2012},
   type = {Journal Article}
}

@article{kendon2020futureCPMwinterprecip,
   author = {Kendon, Elizabeth J. and Roberts, Nigel M. and Fosser, Giorgia and Martin, Gill M. and Lock, Adrian P. and Murphy, James M. and Senior, Catherine A. and Tucker, Simon O.},
   title = {Greater Future U.K. Winter Precipitation Increase in New Convection-Permitting Scenarios},
   journal = {Journal of Climate},
   volume = {33},
   number = {17},
   pages = {7303-7318},
   ISSN = {0894-8755
1520-0442},
   DOI = {10.1175/jcli-d-20-0089.1},
   url = {https://journals.ametsoc.org/view/journals/clim/33/17/jcliD200089.xml},
   year = {2020},
   type = {Journal Article}
}

@inproceedings{blattmann2023videoldm,
   author = {Blattmann, Andreas and Rombach, Robin and Ling, Huan and Dockhorn, Tim and Kim, Seung Wook and Fidler, Sanja and Kreis, Karsten},
   title = {Align your latents: High-resolution video synthesis with latent diffusion models},
   booktitle = {Proceedings of the IEEE/CVF Conference on Computer Vision and Pattern Recognition},
   pages = {22563-22575},
   year = {2023},
   type = {Conference Proceedings}
}

@article{bartal2024videodiffusion,
   author = {Bar-Tal, Omer and Chefer, Hila and Tov, Omer and Herrmann, Charles and Paiss, Roni and Zada, Shiran and Ephrat, Ariel and Hur, Junhwa and Li, Yuanzhen and Michaeli, Tomer},
   title = {Lumiere: A space-time diffusion model for video generation},
   journal = {arXiv preprint arXiv:2401.12945},
   year = {2024},
   type = {Journal Article}
}

@inproceedings{harvey2022videodiffusion,
   author = {Harvey, William and Naderiparizi, Saeid and Masrani, Vaden and Weilbach, Christian and Wood, Frank},
   title = {Flexible diffusion modeling of long videos},
   journal = {Advances in Neural Information Processing Systems},
   volume = {35},
   pages = {27953-27965},
   year = {2022},
   type = {Conference Proceedings}
}

@article{klaver2020effectiveresolution,
   author = {Klaver, Remko and Haarsma, Rein and Vidale, Pier Luigi and Hazeleger, Wilco},
   title = {Effective resolution in high resolution global atmospheric models for climate studies},
   journal = {Atmospheric Science Letters},
   volume = {21},
   number = {4},
   pages = {e952},
   ISSN = {1530-261X},
   DOI = {10.1002/asl.952},
   year = {2020},
   type = {Journal Article}
}

@article{eurocordexdomain,
   author = {Jacob, D. and Petersen, J. and Eggert, B. and Alias, A. and Christensen, O. B. and Bouwer, L. M. and Braun, A. and Colette, A. and Déqué, M. and Georgievski, G. and Georgopoulou, E. and Gobiet, A. and Menut, L. and Nikulin, G. and Haensler, A. and Hempelmann, N. and Jones, C. and Keuler, K. and Kovats, S. and Kröner, N. and Kotlarski, S. and Kriegsmann, A. and Martin, E. and van Meijgaard, E. and Moseley, C. and Pfeifer, S. and Preuschmann, S. and Radermacher, C. and Radtke, K. and Rechid, D. and Rounsevell, M. and Samuelsson, P. and Somot, S. and Soussana, J. F. and Teichmann, C. and Valentini, R. and Vautard, R. and Weber, B. and Yiou, P.},
   title = {EURO-CORDEX: new high-resolution climate change projections for European impact research},
   journal = {Regional Environmental Change},
   volume = {14},
   number = {2},
   pages = {563-578},
   ISSN = {1436-3798},
   DOI = {10.1007/s10113-013-0499-2},
   year = {2014},
   type = {Journal Article}
}

@article{kendon2024MLemulatorsperspective,
    author = {Kendon, E. J. and Addison, H. and Doury, A. and Booth, B. B., and Somot, S. and Watson, P. A. G, and Aitchison, L. and Coppola, E. and Gutierrez, J. M. and Murphy, J.},
    title = {Potential for machine learning emulators to augment regional climate simulations in provision of local climate change information},
    journal = {Bulletin of the American Meteorological Society},
    year = {2024},
    pubstate = {inpreparation},
    type = {Journal Article}
}

@article{kendon2017cpmprecipimprovements,
   author = {Kendon, Elizabeth J. and Ban, Nikolina and Roberts, Nigel M. and Fowler, Hayley J. and Roberts, Malcolm J. and Chan, Steven C. and Evans, Jason P. and Fosser, Giorgia and Wilkinson, Jonathan M.},
   title = {Do Convection-Permitting Regional Climate Models Improve Projections of Future Precipitation Change?},
   journal = {Bulletin of the American Meteorological Society},
   volume = {98},
   number = {1},
   pages = {79-93},
   DOI = {10.1175/bams-d-15-0004.1},
   year = {2017},
   type = {Journal Article}
}

@article{hess2022phiganesmprecip,
   author = {Hess, P. and Druke, M. and Petri, S. and Strnad, F. M. and Boers, N.},
   title = {Physically constrained generative adversarial networks for improving precipitation fields from Earth system models},
   journal = {Nature Machine Intelligence},
   volume = {4},
   number = {10},
   pages = {828-839},
   DOI = {10.1038/s42256-022-00540-1},
   year = {2022},
   type = {Journal Article}
}

@article{sha2020unetdsprecip,
   author = {Sha, Y. K. and Gagne, D. J. and West, G. and Stull, R.},
   title = {Deep-Learning-Based Gridded Downscaling of Surface Meteorological Variables in Complex Terrain. Part II: Daily Precipitation},
   journal = {Journal of Applied Meteorology and Climatology},
   volume = {59},
   number = {12},
   pages = {2075-2092},
   DOI = {10.1175/Jamc-D-20-0058.1},
   year = {2020},
   type = {Journal Article}
}

@book{efron1982bootstrap,
   author = {Efron, Bradley},
   title = {The jackknife, the bootstrap and other resampling plans},
   publisher = {SIAM},
   ISBN = {0898711797},
   year = {1982},
   type = {Book}
}

@article{harris2001rapsd,
   author = {Harris, D. and Foufoula-Georgiou, E. and Droegemeier, K. K. and Levit, J. J.},
   title = {Multiscale statistical properties of a high-resolution precipitation forecast},
   journal = {Journal of Hydrometeorology},
   volume = {2},
   number = {4},
   pages = {406-418},
   DOI = {10.1175/1525-7541(2001)002<0406:Mspoah>2.0.Co;2},
   year = {2001},
   type = {Journal Article}
}

@article{sinclair2005rapsd,
   author = {Sinclair, S. and Pegram, G. G. S.},
   title = {Empirical Mode Decomposition in 2-D space and time: a tool for space-time rainfall analysis and nowcasting},
   journal = {Hydrology and Earth System Sciences},
   volume = {9},
   number = {3},
   pages = {127-137},
   DOI = {DOI 10.5194/hess-9-127-2005},
   year = {2005},
   type = {Journal Article}
}

@dataset{addison2024dataset,
  author       = {Addison, Henry and
                  Kendon, Elizabeth and
                  Ravuri, Suman and
                  Aitchison, Laurence and
                  Watson, Peter AG},
  title        = {{Met Office UKCP Local CPM precipitation ML
                   emulator dataset}},
  month        = jun,
  year         = 2024,
  publisher    = {Zenodo},
  version      = {1.0.0},
  doi          = {10.5281/zenodo.11504859},
  url          = {https://doi.org/10.5281/zenodo.11504859}
}

@article{vandermeer2023unetrcmemulator,
   author = {van der Meer, Marijn and de Roda Husman, Sophie and Lhermitte, Stef},
   title = {Deep Learning Regional Climate Model Emulators: A Comparison of Two Downscaling Training Frameworks},
   journal = {Journal of Advances in Modeling Earth Systems},
   volume = {15},
   number = {6},
   pages = {e2022MS003593},
   DOI = {10.1029/2022ms003593},
   year = {2023},
   type = {Journal Article}
}
